@book{hage1991,
  title     = {Geometric Modeling},
  publisher = {Springer Berlin Heidelberg},
  year      = {1991},
  author    = {Hans Hagen AND Dieter Roller},
  isbn      = {3642764061},
  edition   = {2}
}

@article{Muller,
 author = {M{\"u}ller, Peter and M{\"o}ller, Andi and M{\"a}ller, Wolfgang and Stra{\ss}, R{\'e}n{\'e}},
 year = {2009},
 title = {Testtitel},
 pages = {23--56},
 pagination = {page},
 volume = {23},
 journaltitle = {Testzeitschrift},
 subtitle = {Testuntertitel},
 titleaddon = {Testtitelzusatz},
 hyphenation = {ngerman},
 issue = {2}
}

@article{Mullerb,
 author = {M{\"u}ller, Peter and M{\"o}ller, Andi and M{\"a}ller, Wolfgang and Stra{\ss}, R{\'e}n{\'e}},
 year = {2009},
 title = {Testtitle},
 pages = {12--16},
 pagination = {page},
 volume = {23},
 journaltitle = {Testjournal},
 subtitle = {Testsubtitle},
 titleaddon = {Testtitleaddon},
 hyphenation = {english},
 issue = {6}
}

@article{Ciem04,
  author        = {von Cieminski, G. AND Nickel, R.},
  title         = {Beschleunigung des Auftragsdurchlaufs
   - Engpassorientierte Logistikanalyse bei einem Bauelementehersteller},
  journaltitle  = {Industrie Management},
  series        = {GITO-Verlag},
  location      = {Berlin},
  ISSN          = {1434-1980},
  volume        = {20},
  year          = {2004},
  issue         = {5},
  pages         = {43--46},
}
